<?xml version="1.0" encoding="UTF-8"?><collection xmlns="http://www.loc.gov/MARC21/slim"><record><leader>00356nam--2200133-i-4500</leader><controlfield tag="001">000033246</controlfield><controlfield tag="002">20161230</controlfield><controlfield tag="005">20161230201039</controlfield><controlfield tag="008">060222s1000------------r-----000-0-eng-d</controlfield><datafield ind1=" " ind2=" " tag="080"><subfield code="a">621.396.62:621.397.62</subfield></datafield><datafield ind1=" " ind2=" " tag="245"><subfield code="a">Radio and television engineers`reference book</subfield></datafield><datafield ind1=" " ind2=" " tag="260"><subfield code="a">London, George Newnes Limited, 1955, P.Dif</subfield></datafield><datafield ind1=" " ind2=" " tag="700"><subfield code="a">Molloy, E</subfield></datafield><datafield ind1=" " ind2=" " tag="852"><subfield code="a">10747</subfield></datafield></record></collection>